%%%%%%%%%%%%% Introduction
@online{tlap2013budget,
	Author = {{Think Local Act Personal}},
	Editor = {Laura Boyd},
	Title = {2nd National Personal Budget Survey},
	Url = {http://www.thinklocalactpersonal.org.uk/Latest/Resource/?cid=9503},
	Year = {2013}
}

@online{wsj2013budget,
	Author = {{The Wall Street Journal}},
	Title = {The Experts: Is Creating a Personal Budget a Good Idea?},
	Year = {2013}
}

@online{bbc2010debit,
	Author = {{BBC News}},
	Title = {Debit card spending in UK overtakes cash for first time},
	Url = {http://www.bbc.co.uk/news/business-11901953},
	Urldate = {2014-04-09},
	Year = {2010}
}

@article{barnard2012households,
	Author = {Andrew Barnard},
	Journaltitle = {Office Of National Statistics},
	Title = {The Economic Position of Households, Q1 2012},
	Url = {http://www.ons.gov.uk/ons/rel/hsa/the-economic-position-of-households/q1-2012/art---the-economic-position-of-households--q1-2012.html},
	Urldate = {2014-04-08},
	Year = {2012}
}

@article{gore2010,
	Author = {Charles Gore},
	Journal = {Journal of International Development},
	Number = {6},
	Pages = {714-738},
	Title = {{The global recession of 2009 in a long-term development perspective}},
	Volume = {22},
	Year = 2010
}

@online{lloyds2014money,
	Editor = {{Lloyds Bank}},
	Subtitle = {The free, easy way to keep track of your money},
	Title = {Money Manager},
	Url = {http://www.lloydsbank.com/online-banking/benefits-online-banking/money-manager.asp},
	Urldate = {2014-04-09},
	Year = {2014}
}

@online{bluetags2014pocket,
	Editor = {{BlueTags}},
	Title = {Pocket Expense},
	Url = {http://www.bluetgs.com/Home.aspx},
	Urldate = {2014-04-09},
	Year = {2014}
}

@online{spendee2014spendee,
	Editor = {{SpendeeApp}},
	Title = {Spendee - See where your money goes},
	Url = {http://www.spendeeapp.com},
	Urldate = {2014-04-09},
	Year = {2014}
}

@online{budgt2013budgt,
	Author = {S. Fl√ºckiger},
	Title = {BUDGT},
	Url = {http://www.spendeeapp.com},
	Urldate = {2014-04-09},
	Year = {2013}
}

%%%%%%% Background
@online{moneywatch2011lloyds,
    title = {Lloyds TSB Money Manager},
    author = {{Money Watch}},
    year = 2011,
    url = {http://money-watch.co.uk/7992/lloyds-tsb-money-manager},
    urldate = {2014-04-18}
}

@online{lloyds2014moneymanager,
    title = {Lloyds Bank - Private Banking - Internet Banking},
    author = {{Lloyds Bank}},
    url = {http://www.lloydsbank.com/private-banking/contact-us/internet-banking.asp},
    urldate = {2014-04-20},
    year = 2014
}

@online{moneysupermarket2011lloyds,
    title = {Anyone tried money manager at lloyds tsb?},
    author = {`Deals' and others},
    organization = {MoneySavingExport.com Forum}, 
    url = {http://forums.moneysavingexpert.com/showthread.php?t=3114854},
    urldate = {2014-04-21},
    year = 2011
}

@online{mint2014whatismint,
    title = {What is Mint},
    author = {{Mint}},
    organization = {{Intuit, Inc}}, 
    url = {https://www.mint.com/what-is-mint/},
    urldate = {2014-04-20}
}

@online{stackoverflow2012bankingapi, 
    title = {Banking API/protocol},
    year = 2010,
    organization = {{Stack Overflow}},
    url = {http://stackoverflow.com/questions/3469628/banking-api-protocol},
    urldate = {2014-04-19}
}

@online{stackoverflow2012bankingapi2,
    title = {Is there an API to get bank transaction and bank balance?}
    year = 2010,
    organization = {{Stack Overflow}},
    url = {http://stackoverflow.com/questions/7269668/is-there-an-api-to-get-bank-transaction-and-bank-balance},
    urldate = {2014-04-20}
}

@article{purcell2011half,
  title={Half of adult cell phone owners have apps on their phones},
  author={Purcell, Kristen},
  journal={Pew Internet \& American Life Project},
  year={2011}
}

@online{itunes2013topapps,
    year = 2013,
    title = {Top 10 Apps - Finance},
    author = {iTunes},
    organization = {Apple},
    url = {http://www.apple.com/euro/itunes/charts/apps/top10appstorefinance.html},
    urldate = {2014-04-20}
}

%%%

@inproceedings{singh2013spendingbehaviour, 
    author={Singh, V.K. and Freeman, L. and Lepri, B. and Pentland, A.S.}, 
    booktitle={Social Computing (SocialCom), 2013 International Conference on}, 
    title={Predicting Spending Behavior Using Socio-mobile Features}, 
    year={2013}, 
    month={Sept}, 
    pages={174-179}, 
    doi={10.1109/SocialCom.2013.33}
}

@techreport{fox2004consumershopping,
  title={Consumer Shopping and Spending Across Retail Formats*},
  author={Fox, Edward J and Montgomery, Alan L and Lodish, Leonard M},
  journal={The Journal of Business},
  volume={77},
  number={S2},
  pages={S25--S60},
  year={2004},
  publisher={JSTOR}
}

@article{pfeifer2000modeling,
    title = "Modeling customer relationships as Markov chains ",
    journal = "Journal of Interactive Marketing ",
    volume = "14",
    number = "2",
    pages = "43 - 55",
    year = "2000",
    note = "",
    issn = "1094-9968",
    %doi = "http://dx.doi.org/10.1002/(SICI)1520-6653(200021)14:2<43::AID-DIR4>3.0.CO;2-H",
    %url = "http://www.sciencedirect.com/science/article/pii/S1094996800702052",
    author = "Phillip E. Pfeifer and Robert L. Carraway"
}

@techreport{dash2012movingaverages,
    title = {A Comparative Study of Moving Averages: Simple, Weighted and Exponential},
    author = {Stanley Dash},
    organization = {Applied Technical Analysis},
    url = {https://www.tradestation.com/education/labs/analysis-concepts/a-comparative-study-of-moving-averages},
    urldate = {2014-04-17},
    year = 2012
}

@incollection{filliben2003nist,
  title={Introduction to Time Series Analysis},
  booktitle={NIST/SEMTECH Handbook of Statistical Methods},
  author={Filliben, JJ and others},
  year={2003},
  publisher={National Institute of Standards and Technology}
  url={http://www.itl.nist.gov/div898/handbook}
  urldate = {2014-04-18},
}

@article{kalekar2004holtwinters,
  title={Time series forecasting using Holt-Winters exponential smoothing},
  author={Kalekar, Prajakta S},
  journal={Kanwal Rekhi School of Information Technology},
  volume={4329008},
  pages={1--13},
  year={2004}
}


%%%%%%% Design
@inproceedings{weir2010shannon,
 author = {Weir, Matt and Aggarwal, Sudhir and Collins, Michael and Stern, Henry},
 title = {Testing Metrics for Password Creation Policies by Attacking Large Sets of Revealed Passwords},
 booktitle = {Proceedings of the 17th ACM Conference on Computer and Communications Security},
 series = {CCS '10},
 year = {2010},
 isbn = {978-1-4503-0245-6},
 location = {Chicago, Illinois, USA},
 pages = {162--175},
 numpages = {14},
 url = {http://doi.acm.org/10.1145/1866307.1866327},
 doi = {10.1145/1866307.1866327},
 acmid = {1866327},
 publisher = {ACM},
 address = {New York, NY, USA},
 keywords = {cybercrime, password cracking, password policies},
} 

@article{burr2013electronic,
  title={Electronic Authentication Guideline},
  journal = "National Institute of Standards and Technology",
  author={William Burr and Donna Dodson and Elaine Newton and Ray Perlner and William Polk and Sarbari Gupta and Emad Nabbus},
  year={2013},
  publisher={CreateSpace Independent Publishing Platform},
  note="Special Publication 800-63-2"
}

@article{nist2010aes,
  title={Announcing the Advanced Encryption Standard (AES)},
  author={{National Institute Of Standards And Technology}},
  year={2001}
}

@book{stair2009informationsystems,
  author    = "Ralph M Stair and George W Reynolds",
  title     = "Principles of Information Systems: a Managerial Approach",
  publisher = "South-Western",
  year      = "2009",
  edition   = "9",
  pages     = "245",
  isbn      = "0324665288"
}

@online{quiken2010qif
    Author = {{Quicken Support}},
    Title = "Quicken Interchange Format (QIF) files",
    Url = {http://web.archive.org/web/20100203121050/http://web.intuit.com/support/quicken/docs/d_qif.html}
    Year = {2010},
    Urldate = {2014-04-10}
}

@inproceedings{levenshtein1966binary,
  title={Binary codes capable of correcting deletions, insertions and reversals},
  author={Levenshtein, Vladimir I},
  booktitle={Soviet physics doklady},
  volume={10},
  pages={707},
  year={1966}
}

%%%%%%% Results
@online{steimle2013responsive,
	Author = {Joshua Steimle},
	Title = {Why Your Business Needs A Responsive Website Before 2014},
	Url = {http://www.forbes.com/sites/joshsteimle/2013/11/08/why-your-business-needs-a-responsive-website-before-2014/},
	Urldate = {2014-04-06},
	Year = {2013}
}

